@Article{Duan_2024,
  author       = {Duan, Xufeng and Li, Shixuan and Cai, Zhenguang G.},
  title	       = {MacBehaviour: An R package for behavioural
                  experimentation on large language models},
  journal      = {Behavior Research Methods},
  year	       = 2024,
  volume       = 57,
  number       = 1,
  month	       = dec,
  issn	       = {1554-3528},
  doi	       = {10.3758/s13428-024-02524-y},
  url	       = {http://dx.doi.org/10.3758/s13428-024-02524-y},
  publisher    = {Springer Science and Business Media LLC}
}




